% ICSE 2026 Paper - Bibliography
% Core references for OTLP Formal Verification Framework

% ========================================
% Distributed Tracing Systems
% ========================================

@inproceedings{sigelman2010dapper,
  author = {Sigelman, Benjamin H. and Barroso, Luiz Andre and Burrows, Mike and Stephenson, Pat and Plakal, Manoj and Beaver, Donald and Jaspan, Saul and Shanbhag, Chandan},
  title = {Dapper, a Large-Scale Distributed Systems Tracing Infrastructure},
  booktitle = {Technical Report, Google},
  year = {2010},
  publisher = {Google, Inc.}
}

@inproceedings{fonseca2007xtrace,
  author = {Fonseca, Rodrigo and Porter, George and Katz, Randy H. and Shenker, Scott and Stoica, Ion},
  title = {X-Trace: A Pervasive Network Tracing Framework},
  booktitle = {Proceedings of the 4th USENIX Conference on Networked Systems Design \& Implementation (NSDI'07)},
  year = {2007},
  pages = {20},
  publisher = {USENIX Association}
}

% ========================================
% OpenTelemetry and OTLP
% ========================================

@misc{opentelemetry2023spec,
  title = {{OpenTelemetry Protocol Specification}},
  author = {{OpenTelemetry Authors}},
  year = {2023},
  howpublished = {\url{https://opentelemetry.io/docs/specs/otlp/}},
  note = {Version 1.0.0}
}

@misc{w3c2021tracectx,
  title = {{W3C Trace Context}},
  author = {{W3C Distributed Tracing Working Group}},
  year = {2021},
  howpublished = {\url{https://www.w3.org/TR/trace-context/}},
  note = {W3C Recommendation}
}

% ========================================
% Formal Verification and Type Systems
% ========================================

@book{pierce2002types,
  author = {Pierce, Benjamin C.},
  title = {Types and Programming Languages},
  year = {2002},
  publisher = {MIT Press},
  address = {Cambridge, MA, USA}
}

@book{bertot2013coq,
  author = {Bertot, Yves and Cast{\'e}ran, Pierre},
  title = {Interactive Theorem Proving and Program Development: Coq'Art: The Calculus of Inductive Constructions},
  year = {2013},
  publisher = {Springer Science \& Business Media}
}

@book{nipkow2002isabelle,
  author = {Nipkow, Tobias and Paulson, Lawrence C. and Wenzel, Markus},
  title = {Isabelle/HOL: A Proof Assistant for Higher-Order Logic},
  year = {2002},
  publisher = {Springer-Verlag},
  address = {Berlin, Heidelberg}
}

% ========================================
% Temporal Logic and Model Checking
% ========================================

@book{clarke1999model,
  author = {Clarke, Edmund M. and Grumberg, Orna and Peled, Doron},
  title = {Model Checking},
  year = {1999},
  publisher = {MIT Press},
  address = {Cambridge, MA, USA}
}

@book{baier2008principles,
  author = {Baier, Christel and Katoen, Joost-Pieter},
  title = {Principles of Model Checking},
  year = {2008},
  publisher = {MIT Press},
  address = {Cambridge, MA, USA}
}

@inproceedings{pnueli1977temporal,
  author = {Pnueli, Amir},
  title = {The Temporal Logic of Programs},
  booktitle = {18th Annual Symposium on Foundations of Computer Science (FOCS'77)},
  year = {1977},
  pages = {46--57},
  publisher = {IEEE}
}

% ========================================
% Algebraic Structures and Category Theory
% ========================================

@book{maclane1998categories,
  author = {Mac Lane, Saunders},
  title = {Categories for the Working Mathematician},
  year = {1998},
  edition = {2nd},
  publisher = {Springer-Verlag},
  address = {New York}
}

@book{awodey2010category,
  author = {Awodey, Steve},
  title = {Category Theory},
  year = {2010},
  edition = {2nd},
  publisher = {Oxford University Press},
  address = {Oxford, UK}
}

% ========================================
% Distributed Systems and Consistency
% ========================================

@article{lamport1978time,
  author = {Lamport, Leslie},
  title = {Time, Clocks, and the Ordering of Events in a Distributed System},
  journal = {Communications of the ACM},
  volume = {21},
  number = {7},
  year = {1978},
  pages = {558--565},
  publisher = {ACM}
}

@inproceedings{fidge1988timestamps,
  author = {Fidge, Colin J.},
  title = {Timestamps in Message-Passing Systems that Preserve the Partial Ordering},
  booktitle = {Proceedings of the 11th Australian Computer Science Conference},
  year = {1988},
  pages = {56--66}
}

% ========================================
% Software Engineering and Testing
% ========================================

@inproceedings{zeller2009programs,
  author = {Zeller, Andreas},
  title = {Why Programs Fail: A Guide to Systematic Debugging},
  booktitle = {2nd edition},
  year = {2009},
  publisher = {Morgan Kaufmann}
}

% ========================================
% Observability and Monitoring
% ========================================

@inproceedings{sambasivan2016diagnosing,
  author = {Sambasivan, Raja R. and Zheng, Alice X. and De Rosa, Michael and Krevat, Elie and Whitman, Spencer and Stroucken, Michael and Wang, William and Xu, Lianghong and Ganger, Gregory R.},
  title = {Diagnosing Performance Changes by Comparing Request Flows},
  booktitle = {Proceedings of the 13th USENIX Symposium on Networked Systems Design and Implementation (NSDI'16)},
  year = {2016},
  pages = {5 13--527},
  publisher = {USENIX Association}
}

@inproceedings{chow2014mystery,
  author = {Chow, Michael and Meisner, David and Flinn, Jason and Peek, Daniel and Wenisch, Thomas F.},
  title = {The Mystery Machine: End-to-end Performance Analysis of Large-scale Internet Services},
  booktitle = {Proceedings of the 11th USENIX Symposium on Operating Systems Design and Implementation (OSDI'14)},
  year = {2014},
  pages = {217--231},
  publisher = {USENIX Association}
}

% ========================================
% Formal Methods for Protocols
% ========================================

@inproceedings{newcombe2015amazon,
  author = {Newcombe, Chris and Rath, Tim and Zhang, Fan and Munteanu, Bogdan and Brooker, Marc and Deardeuff, Michael},
  title = {How Amazon Web Services Uses Formal Methods},
  booktitle = {Communications of the ACM},
  volume = {58},
  number = {4},
  year = {2015},
  pages = {66--73},
  publisher = {ACM}
}

@inproceedings{jackson2002alloy,
  author = {Jackson, Daniel},
  title = {Alloy: A Lightweight Object Modelling Notation},
  journal = {ACM Transactions on Software Engineering and Methodology},
  volume = {11},
  number = {2},
  year = {2002},
  pages = {256--290},
  publisher = {ACM}
}

% ========================================
% Program Analysis
% ========================================

@book{nielson1999principles,
  author = {Nielson, Flemming and Nielson, Hanne R. and Hankin, Chris},
  title = {Principles of Program Analysis},
  year = {1999},
  publisher = {Springer-Verlag},
  address = {Berlin, Heidelberg}
}

% ========================================
% Additional Key References
% (Add more as needed from OTLP_References_Bibliography.md)
% ========================================

